<record><leader>00000cas a22000007a 4500</leader><controlfield tag="001">12858933</controlfield><controlfield tag="008">851202d18971901iauwr ne      0    0eng d</controlfield><datafield ind1=" " ind2=" " tag="010"><subfield code="a">sn 85050973 </subfield></datafield><datafield ind1=" " ind2=" " tag="040"><subfield code="a">INP</subfield><subfield code="b">eng</subfield><subfield code="c">INP</subfield><subfield code="d">OCLCQ</subfield></datafield><datafield ind1=" " ind2=" " tag="042"><subfield code="a">msc</subfield></datafield><datafield ind1="0" ind2="0" tag="245"><subfield code="a">Williamsburg journal.</subfield></datafield><datafield ind1=" " ind2=" " tag="260"><subfield code="a">Williamsburg, Iowa :</subfield><subfield code="b">[s.n.],</subfield><subfield code="c">1897-</subfield></datafield><datafield ind1=" " ind2=" " tag="300"><subfield code="a">v. :</subfield><subfield code="b">ill. (chiefly advertisements)</subfield></datafield><datafield ind1=" " ind2=" " tag="310"><subfield code="a">Weekly</subfield></datafield><datafield ind1="0" ind2=" " tag="362"><subfield code="a">Vol. 13, no. 31 (Jan. 15, 1897)-</subfield></datafield><datafield ind1="1" ind2=" " tag="362"><subfield code="a">Ceased between Jan. 1 and Feb. 7, 1901.</subfield></datafield><datafield ind1=" " ind2=" " tag="500"><subfield code="a">Publishers: A.C. &amp; T.T. Osborn, -July 6, 1900; T.T. Osborn, July 13, 1900-&lt;Dec. 28, 1900&gt;.</subfield></datafield><datafield ind1=" " ind2=" " tag="500"><subfield code="a">Editors: A.C. &amp; T.T. Osborn, Jan. 15, 1897-July 6, 1900; T.T. Osborn, July 13, 1900-&lt;Dec. 28, 1900&gt;.</subfield></datafield><datafield ind1=" " ind2=" " tag="525"><subfield code="a">Includes occasional supplements.</subfield></datafield><datafield ind1=" " ind2=" " tag="752"><subfield code="a">United States</subfield><subfield code="b">Iowa</subfield><subfield code="c">Iowa</subfield><subfield code="d">Williamsburg.</subfield></datafield><datafield ind1=" " ind2=" " tag="752"><subfield code="a">United States</subfield><subfield code="b">Iowa</subfield><subfield code="c">Iowa</subfield><subfield code="d">Williamsburgh.</subfield></datafield><datafield ind1="0" ind2="0" tag="780"><subfield code="t">Williamsburgh journal</subfield><subfield code="w">(DLC)sn 85050846</subfield></datafield><datafield ind1="0" ind2="7" tag="785"><subfield code="t">Iowa County tribune</subfield><subfield code="w">(DLC)sn 85049831</subfield></datafield><datafield ind1="0" ind2="7" tag="785"><subfield code="t">Williamsburg journal-tribune (Williamsburg, Iowa : 1901)</subfield><subfield code="w">(DLC)sn 85050845</subfield></datafield><datafield ind1="1" ind2=" " tag="029"><subfield code="a">AU@</subfield><subfield code="b">000025790852</subfield></datafield></record>